@misc{Labbe2024,
  author = {Roger Labbe},
  title  = "{Kalman and Bayesian Filters in Python}",
  year   = {2024},
  note   = {[Online]. Verf√ºgbar: \url{https://github.com/rlabbe/Kalman-and-Bayesian-Filters-in-Python}. [Letzter Zugriff am: 23-Feb-2024].},
}

@Comment{jabref-meta: databaseType:bibtex;}


@inproceedings{caceres2009adaptive,
  title={Adaptive location tracking by Kalman filter in wireless sensor networks},
  author={Caceres, Mauricio A and Sottile, Francesco and Spirito, Maurizio A},
  booktitle={2009 IEEE international conference on wireless and mobile computing, networking and communications},
  pages={123--128},
  year={2009},
  organization={IEEE}
}
@article{deng2018adaptive,
  title={Adaptive kalman filter-based single-beacon underwater tracking with unknown effective sound velocity},
  author={Deng, Zhong-Chao and Yu, Xiang and Qin, Hong-De and Zhu, Zhong-Ben},
  journal={Sensors},
  volume={18},
  number={12},
  pages={4339},
  year={2018},
  publisher={MDPI}
}
@inproceedings{st2004comparison,
  title={Comparison between the unscented Kalman filter and the extended Kalman filter for the position estimation module of an integrated navigation information system},
  author={St-Pierre, Mathieu and Gingras, Denis},
  booktitle={IEEE Intelligent Vehicles Symposium, 2004},
  pages={831--835},
  year={2004},
  organization={IEEE}
}
@inproceedings{laviola2003comparison,
  title={A comparison of unscented and extended Kalman filtering for estimating quaternion motion},
  author={LaViola, Joseph J},
  booktitle={Proceedings of the 2003 American Control Conference, 2003.},
  volume={3},
  pages={2435--2440},
  year={2003},
  organization={IEEE}
}
@article{khan2014localization,
  title={Localization performance evaluation of extended Kalman filter in wireless sensors network},
  author={Khan, Rafiullah and Khan, Sarmad Ullah and Khan, Shahid and Khan, Mohammad Usman Ali},
  journal={Procedia Computer Science},
  volume={32},
  pages={117--124},
  year={2014},
  publisher={Elsevier}
}
@article{bordoy2016bank,
  title={Bank of Kalman filters in closed-loop for robust localization using unsynchronized beacons},
  author={Bordoy, Joan and Traub-Ens, Alexander and Sadr, Ali and Wendeberg, Johannes and H{\"o}flinger, Fabian and Schindelhauer, Christian and Reindl, Leonhard},
  journal={IEEE Sensors Journal},
  volume={16},
  number={19},
  pages={7142--7149},
  year={2016},
  publisher={IEEE}
}